@book {AR,
    AUTHOR = {Ad\'{a}mek, Ji\v{r}\'{i} and Rosick\'{y}, Ji\v{r}\'{i}},
     TITLE = {Locally presentable and accessible categories},
    SERIES = {London Mathematical Society Lecture Note Series},
    VOLUME = {189},
 PUBLISHER = {Cambridge University Press, Cambridge},
      YEAR = {1994},
     PAGES = {xiv+316},
      ISBN = {0-521-42261-2},
   MRCLASS = {18Axx (18-02)},
  MRNUMBER = {1294136},
MRREVIEWER = {J. R. Isbell},
       DOI = {10.1017/CBO9780511600579},
       URL = {https://doi.org/10.1017/CBO9780511600579},
}

@article {B,
    AUTHOR = {Beke, Tibor},
     TITLE = {Sheafifiable homotopy model categories},
   JOURNAL = {Math. Proc. Cambridge Philos. Soc.},
  FJOURNAL = {Mathematical Proceedings of the Cambridge Philosophical
              Society},
    VOLUME = {129},
      YEAR = {2000},
    NUMBER = {3},
     PAGES = {447--475},
      ISSN = {0305-0041},
   MRCLASS = {18D15 (03C95 18F20 18G55)},
  MRNUMBER = {1780498},
MRREVIEWER = {Masahiko Niwa},
       DOI = {10.1017/S0305004100004722},
       URL = {https://doi.org/10.1017/S0305004100004722},
}

@article {BR,
    AUTHOR = {Bergner, Julia E. and Rezk, Charles},
     TITLE = {Reedy categories and the {$\varTheta$}-construction},
   JOURNAL = {Math. Z.},
  FJOURNAL = {Mathematische Zeitschrift},
    VOLUME = {274},
      YEAR = {2013},
    NUMBER = {1-2},
     PAGES = {499--514},
      ISSN = {0025-5874},
   MRCLASS = {55U35 (18G55 55U10)},
  MRNUMBER = {3054341},
MRREVIEWER = {J\'{e}r\^{o}me Scherer},
       DOI = {10.1007/s00209-012-1082-0},
       URL = {https://doi.org/10.1007/s00209-012-1082-0},
}

@article {C06,
    AUTHOR = {Cisinski, Denis-Charles},
     TITLE = {Les pr\'{e}faisceaux comme mod\`eles des types d'homotopie},
   JOURNAL = {Ast\'{e}risque},
  FJOURNAL = {Ast\'{e}risque},
    NUMBER = {308},
      YEAR = {2006},
     PAGES = {xxiv+390},
      ISSN = {0303-1179},
      ISBN = {978-2-85629-225-9},
   MRCLASS = {55-02 (18F20 18G50 55P60 55U35)},
  MRNUMBER = {2294028},
MRREVIEWER = {Philippe Gaucher},
}

@book{C19, place={Cambridge}, series={Cambridge Studies in Advanced Mathematics}, title={Higher Categories and Homotopical Algebra}, publisher={Cambridge University Press}, author={Cisinski, Denis-Charles}, year={2019}, collection={Cambridge Studies in Advanced Mathematics}}

@book {H,
    AUTHOR = {Hirschhorn, Philip S.},
     TITLE = {Model categories and their localizations},
    SERIES = {Mathematical Surveys and Monographs},
    VOLUME = {99},
 PUBLISHER = {American Mathematical Society, Providence, RI},
      YEAR = {2003},
     PAGES = {xvi+457},
      ISBN = {0-8218-3279-4},
   MRCLASS = {18G55 (55P60 55U35)},
  MRNUMBER = {1944041},
MRREVIEWER = {David A. Blanc},
}

@book {MP,
    AUTHOR = {Makkai, Michael and Par\'{e}, Robert},
     TITLE = {Accessible categories: the foundations of categorical model
              theory},
    SERIES = {Contemporary Mathematics},
    VOLUME = {104},
 PUBLISHER = {American Mathematical Society, Providence, RI},
      YEAR = {1989},
     PAGES = {viii+176},
      ISBN = {0-8218-5111-X},
   MRCLASS = {03G30 (03C75 03C95 18B25 18C10 18D05 18F10)},
  MRNUMBER = {1031717},
MRREVIEWER = {Horst Reichel},
       DOI = {10.1090/conm/104},
       URL = {https://doi.org/10.1090/conm/104},
}

@article {O,
    AUTHOR = {Olschok, Marc},
     TITLE = {Left determined model structures for locally presentable
              categories},
   JOURNAL = {Appl. Categ. Structures},
  FJOURNAL = {Applied Categorical Structures. A Journal Devoted to
              Applications of Categorical Methods in Algebra, Analysis,
              Order, Topology and Computer Science},
    VOLUME = {19},
      YEAR = {2011},
    NUMBER = {6},
     PAGES = {901--938},
      ISSN = {0927-2852},
   MRCLASS = {18C35 (18G55 55U35)},
  MRNUMBER = {2861071},
MRREVIEWER = {Philippe Gaucher},
       DOI = {10.1007/s10485-009-9207-2},
       URL = {https://doi.org/10.1007/s10485-009-9207-2},
}

@article {R,
    AUTHOR = {Rosick\'{y}, J.},
     TITLE = {On combinatorial model categories},
   JOURNAL = {Appl. Categ. Structures},
  FJOURNAL = {Applied Categorical Structures. A Journal Devoted to
              Applications of Categorical Methods in Algebra, Analysis,
              Order, Topology and Computer Science},
    VOLUME = {17},
      YEAR = {2009},
    NUMBER = {3},
     PAGES = {303--316},
      ISSN = {0927-2852},
   MRCLASS = {55U35 (18C35)},
  MRNUMBER = {2506258},
       DOI = {10.1007/s10485-008-9171-2},
       URL = {https://doi.org/10.1007/s10485-008-9171-2},
}